@article{PackardBergerYou,
  title={Thinking of You: How Second-Person Pronouns Shape Cultural Success},
  author={Packard, Grant and Berger, Jonah},
  journal={Psychological science},
  volume={31},
  number={4},
  pages={397-407},
  year={2020},
  publisher={SAGE Publications Sage CA: Los Angeles, CA}
}